% ---- Merged, unique bibliography entries ----

@article{Poger2023BigDataEM,
  author  = {Poger, David and Yen, Lisa and Braet, Filip},
  title   = {Big data in contemporary electron microscopy: challenges and opportunities in data transfer, compute and management},
  journal = {Histochemistry and Cell Biology},
  year    = {2023},
  volume  = {160},
  number  = {3},
  pages   = {169--192},
  doi     = {10.1007/s00418-023-02191-8},
  url     = {https://pmc.ncbi.nlm.nih.gov/articles/PMC10492738/}
}

@article{Moore2021OMENGFF,
  author  = {Moore, Josh and Allan, Chris and Besson, {S{\'e}bastien} and Burel, Jean-Marie and Diel, Erin and Gault, David and Kozlowski, Kevin and Lindner, Dominik and Linkert, Melissa and Manz, Trevor and Moore, Will and Pape, Constantin and Tischer, Christian and Swedlow, Jason R.},
  title   = {OME-NGFF: a next-generation file format for expanding bioimaging data-access strategies},
  journal = {Nature Methods},
  year    = {2021},
  volume  = {18},
  number  = {12},
  pages   = {1496--1498},
  doi     = {10.1038/s41592-021-01326-w},
  url     = {https://pubmed.ncbi.nlm.nih.gov/34845388/}
}

@article{Korir2024TenRecs,
  author  = {Korir, Paul K. and Kleywegt, Gerard J. and others},
  title   = {Ten recommendations for organising bioimaging data for archival},
  journal = {F1000Research},
  year    = {2024},
  volume  = {13},
  pages   = {112},
  doi     = {10.12688/f1000research.142422.2},
  url     = {https://pmc.ncbi.nlm.nih.gov/articles/PMC10938051/},
  note    = {Includes discussion on proprietary formats and file-organization practices}
}

@article{Wilkinson2016FAIR,
  author  = {Wilkinson, Mark D. and Dumontier, Michel and Aalbersberg, IJsbrand Jan and Appleton, Gabrielle and Axton, Myles and Baak, Arie and {et al.}},
  title   = {The FAIR Guiding Principles for scientific data management and stewardship},
  journal = {Scientific Data},
  year    = {2016},
  volume  = {3},
  pages   = {160018},
  doi     = {10.1038/sdata.2016.18},
  url     = {https://www.nature.com/articles/sdata201618}
}

@misc{GOFAIRPrinciples,
  author       = {{GO FAIR Initiative}},
  title        = {FAIR Principles},
  year         = {2016},
  url          = {https://www.go-fair.org/fair-principles/},
  howpublished = {\url{https://www.go-fair.org/fair-principles/}},
  note         = {Accessed 2025-08-26}
}

@report{EC2018TurningFAIR,
  author      = {Hodson, Simon and Jones, Sarah and Collins, Sandra and Genova, Fran\c{c}oise and Harrower, Natalie and Laaksonen, Leif and Mietchen, Daniel and Petrauskait{\.e}, R\={u}ta and Wittenburg, Peter},
  title       = {Turning FAIR into Reality: Final Report and Action Plan from the European Commission Expert Group on FAIR Data},
  institution = {Publications Office of the European Union},
  year        = {2018},
  doi         = {10.2777/1524},
  url         = {https://op.europa.eu/en/publication-detail/-/publication/7769a148-f1f6-11e8-9982-01aa75ed71a1}
}

@misc{EC2021HEGuide,
  author       = {{European Commission}},
  title        = {Horizon Europe Programme Guide},
  year         = {2021},
  url          = {https://ec.europa.eu/info/funding-tenders/opportunities/docs/2021-2027/horizon/guidance/programme-guide_horizon_en.pdf},
  howpublished = {\url{https://ec.europa.eu/info/funding-tenders/opportunities/docs/2021-2027/horizon/guidance/programme-guide_horizon_en.pdf}},
  note         = {Accessed 2025-08-26}
}

@article{Iudin2016EMPIAR,
  author  = {Iudin, Andrii and Korir, Paul K. and Salavert-Torres, Josep and Kleywegt, Gerard J. and Patwardhan, Ardan},
  title   = {EMPIAR: a public archive for raw electron microscopy image data},
  journal = {Nature Methods},
  year    = {2016},
  volume  = {13},
  number  = {5},
  pages   = {387--388},
  doi     = {10.1038/nmeth.3806},
  url     = {https://pubmed.ncbi.nlm.nih.gov/27067018/}
}

@article{Konnecke2015NeXus,
  author  = {K{\"o}nnecke, Mark and Akeroyd, Frederick A. and Bernstein, Herbert J. and Brewster, Aaron S. and Campbell, Stuart I. and Clausen, Bj{\"o}rn and Cottrell, Stephen and Hoffmann, Jens Uwe and Jemian, Pete R. and M{\"a}nnicke, David and Osborn, Raymond and Peterson, Peter F. and Richter, Tobias and Suzuki, Jiro and Watts, Benjamin and Wintersberger, Eugen and Wuttke, Joachim},
  title   = {The NeXus data format},
  journal = {Journal of Applied Crystallography},
  year    = {2015},
  volume  = {48},
  number  = {1},
  pages   = {301--305},
  doi     = {10.1107/S1600576714027575},
  url     = {https://journals.iucr.org/j/issues/2015/01/00/po5029/po5029.pdf}
}

@misc{NXemManual,
  author       = {{NeXus International Advisory Committee (NIAC)}},
  title        = {NXem --- NeXus Contributed Application Definition for Electron Microscopy},
  year         = {2024},
  howpublished = {\url{https://manual.nexusformat.org/classes/contributed_definitions/NXem.html}},
  url          = {https://manual.nexusformat.org/classes/contributed_definitions/NXem.html},
  note         = {Version 2024.02; Accessed 2025-08-26}
}

@misc{NXemFAIRmat,
  author       = {{FAIRmat (NFDI)}},
  title        = {NXem --- NeXus Contributed Application Definition (FAIRmat mirror)},
  year         = {2024},
  howpublished = {\url{https://fairmat-nfdi.github.io/nexus_definitions/classes/contributed_definitions/NXem.html}},
  url          = {https://fairmat-nfdi.github.io/nexus_definitions/classes/contributed_definitions/NXem.html},
  note         = {Accessed 2025-08-26}
}

@misc{AreaLAME,
  author       = {{Area Science Park}},
  title        = {LAME --- Electron Microscopy Laboratory},
  year         = {2025},
  howpublished = {\url{https://www.areasciencepark.it/en/research-infrastructures/innovative-materials/lame-electron-microscopy-laboratory/}},
  url          = {https://www.areasciencepark.it/en/research-infrastructures/innovative-materials/lame-electron-microscopy-laboratory/},
  note         = {Accessed 2025-08-26}
}

@misc{NFFADI_Project,
  author       = {{NFFA-DI}},
  title        = {The advanced infrastructure for nanosciences},
  year         = {2025},
  howpublished = {\url{https://nffa-di.it/en/about-us/project/}},
  note         = {Accessed 2025-08-26}
}

@misc{NFFADI_OFED,
  author       = {{NFFA-DI}},
  title        = {Data infrastructure: OFED (Overarching FAIR Ecosystem for Data)},
  year         = {2025},
  howpublished = {\url{https://nffa-di.it/en/data-infrastructure/}},
  note         = {Accessed 2025-08-26}
}

@misc{NFFADI_DataPolicy,
  author       = {{NFFA-DI}},
  title        = {Research Data Policy},
  year         = {2025},
  howpublished = {\url{https://nffa-di.it/en/research-data-policy}},
  note         = {Accessed 2025-08-26}
}

@misc{LADEPage,
  author       = {{Area Science Park}},
  title        = {LADE --- Laboratory of Data Engineering},
  year         = {2025},
  howpublished = {\url{https://www.areasciencepark.it/en/research-infrastructures/data-engineering-lade/}},
  note         = {Accessed 2025-08-26}
}

@misc{ORFEO_Docs_Home,
  author       = {ORFEO Team, Area Science Park},
  title        = {Welcome to ORFEO documentation!},
  year         = {2023},
  howpublished = {\url{https://orfeo-doc.areasciencepark.it/}},
  note         = {Accessed 2025-08-27}
}

@misc{ORFEO_Docs_Storage,
  author       = {ORFEO Team, Area Science Park},
  title        = {Storage resources --- ORFEO documentation},
  year         = {2023},
  howpublished = {\url{https://orfeo-doc.areasciencepark.it/HPC/storage-resources/}},
  note         = {Details on Ceph cluster size, fast/home/scratch areas, and LTS; Accessed 2025-08-27}
}

@misc{ORFEO_Docs_Computational,
  author       = {ORFEO Team, Area Science Park},
  title        = {Computational resources --- ORFEO documentation},
  year         = {2023},
  howpublished = {\url{https://orfeo-doc.areasciencepark.it/HPC/computational-resources/}},
  note         = {Internal and external networking overview; Accessed 2025-08-27}
}

@misc{NFFADI_OFED_Zenodo2024,
  author       = {Bazzocchi, Federica},
  title        = {Data Management in NFFA-DI: OFED (Overarching Fair Ecosystem for Data)},
  year         = {2024},
  howpublished = {\url{https://zenodo.org/records/13773924}},
  doi          = {10.5281/zenodo.13773924},
  note         = {Presentation; Accessed 2025-08-26}
}

@misc{Ceph_RADOS,
  author       = {Ceph Project},
  title        = {Ceph Storage Cluster (RADOS) --- Official Documentation},
  year         = {2025},
  howpublished = {\url{https://docs.ceph.com/en/reef/rados/}},
  note         = {Cluster roles and architecture; Accessed 2025-08-27}
}

@misc{CephFS,
  author       = {Ceph Project},
  title        = {Ceph File System (CephFS) --- Official Documentation},
  year         = {2025},
  howpublished = {\url{https://docs.ceph.com/en/reef/cephfs/}},
  note         = {POSIX-like shared filesystem on top of RADOS; Accessed 2025-08-27}
}

@misc{RedHat_CephFS,
  author       = {Red Hat},
  title        = {Introduction to the Ceph File System},
  year         = {2025},
  howpublished = {\url{https://docs.redhat.com/en/documentation/red_hat_ceph_storage/4/html/file_system_guide/introduction-to-the-ceph-file-system}},
  note         = {Background and semantics of CephFS; Accessed 2025-08-27}
}

@misc{Ceph_EC,
  author       = {Ceph Project},
  title        = {Erasure code --- Concepts and Operations},
  year         = {2025},
  howpublished = {\url{https://docs.ceph.com/en/reef/rados/operations/erasure-code/}},
  note         = {Explains k+m chunks and trade-offs vs replication; Accessed 2025-08-27}
}

@misc{Ceph_Pools,
  author       = {Ceph Project},
  title        = {Pools --- Data protection strategies in Ceph (replicated vs erasure)},
  year         = {2025},
  howpublished = {\url{https://docs.ceph.com/en/reef/rados/operations/pools}},
  note         = {Pool types and durability/performance trade-offs; Accessed 2025-08-27}
}

@misc{Ceph_RGW_Overview,
  author       = {Ceph Project},
  title        = {Ceph Object Gateway (\texttt{radosgw})},
  year         = {2025},
  howpublished = {\url{https://docs.ceph.com/en/reef/radosgw}},
  note         = {Overview of S3/Swift compatibility and user management; Accessed 2025-08-27}
}

@misc{Ceph_RGW_S3,
  author       = {Ceph Project},
  title        = {Ceph Object Gateway S3 API},
  year         = {2025},
  howpublished = {\url{https://docs.ceph.com/en/latest/radosgw/s3/}},
  note         = {Operations and authentication for S3-compatible access; Accessed 2025-08-27}
}

@misc{AWS_S3_UserGuide,
  author       = {Amazon Web Services},
  title        = {What is Amazon S3? --- User Guide},
  year         = {2025},
  howpublished = {\url{https://docs.aws.amazon.com/AmazonS3/latest/userguide/Welcome.html}},
  note         = {Conceptual overview of object storage and use cases; Accessed 2025-08-27}
}

@misc{AWS_S3_API,
  author       = {Amazon Web Services},
  title        = {Amazon S3 API Reference},
  year         = {2025},
  howpublished = {\url{https://docs.aws.amazon.com/AmazonS3/latest/API/Welcome.html}},
  note         = {Reference for bucket and object operations; Accessed 2025-08-27}
}

@misc{orfeo-changelog-2024,
  author       = {ORFEO Team, Area Science Park},
  title        = {Changelog 2024 --- ORFEO documentation},
  year         = {2024},
  howpublished = {\url{https://orfeo-doc.areasciencepark.it/changelog/2024/}},
  note         = {Entry dated 2024-12-20; Accessed 2025-08-27}
}

@misc{DjangoAtAGlance,
  author       = {{Django Software Foundation}},
  title        = {Django at a glance},
  year         = {2025},
  howpublished = {\url{https://docs.djangoproject.com/en/stable/intro/overview/}},
  note         = {Accessed 2025-08-28}
}

@misc{DjangoFAQMVC,
  author       = {{Django Software Foundation}},
  title        = {FAQ: General --- Why does Django call the MVC pattern ``Model-View-Template''?},
  year         = {2025},
  howpublished = {\url{https://docs.djangoproject.com/en/stable/faq/general/\#why-does-django-call-the-mvc-pattern-model-view-template}},
  note         = {Accessed 2025-08-28},
  url          = {https://docs.djangoproject.com/en/stable/faq/general/\#why-does-django-call-the-mvc-pattern-model-view-template}
}

@misc{DjangoDatabases,
  author       = {{Django Software Foundation}},
  title        = {Databases --- Supported database backends},
  year         = {2025},
  howpublished = {\url{https://docs.djangoproject.com/en/stable/ref/databases/}},
  note         = {Accessed 2025-08-28}
}

@misc{DjangoViews,
  author       = {{Django Software Foundation}},
  title        = {Views --- The view layer},
  year         = {2025},
  howpublished = {\url{https://docs.djangoproject.com/en/stable/topics/http/views/}},
  note         = {Accessed 2025-08-28}
}

@misc{DjangoTemplates,
  author       = {{Django Software Foundation}},
  title        = {Templates --- The Django template language},
  year         = {2025},
  howpublished = {\url{https://docs.djangoproject.com/en/stable/topics/templates/}},
  note         = {Accessed 2025-08-28}
}

@misc{DjangoRequestResponse,
  author       = {{Django Software Foundation}},
  title        = {How Django processes a request},
  year         = {2025},
  howpublished = {\url{https://docs.djangoproject.com/en/stable/topics/http/shortcuts/\#how-django-processes-a-request}},
  note         = {Accessed 2025-08-28},
  url          = {https://docs.djangoproject.com/en/stable/topics/http/shortcuts/\#how-django-processes-a-request}
}

@misc{DjangoURLDispatcher,
  author       = {{Django Software Foundation}},
  title        = {URL dispatcher},
  year         = {2025},
  howpublished = {\url{https://docs.djangoproject.com/en/stable/topics/http/urls/}},
  note         = {Accessed 2025-08-28}
}

@misc{DjangoPhilosophy,
  author       = {{Django Software Foundation}},
  title        = {Design philosophies --- DRY (Don’t Repeat Yourself)},
  year         = {2025},
  howpublished = {\url{https://docs.djangoproject.com/en/stable/misc/design-philosophies/}},
  note         = {Accessed 2025-08-28}
}

@book{ElmasriNavathe,
  author       = {Elmasri, Ramez and Navathe, Shamkant B.},
  title        = {Fundamentals of Database Systems},
  edition      = {7},
  year         = {2015},
  publisher    = {Pearson},
  address      = {Boston, MA}
}

@misc{SQLiteAppropriateUses,
  author       = {{SQLite Consortium}},
  title        = {Appropriate Uses For SQLite},
  year         = {2025},
  howpublished = {\url{https://www.sqlite.org/whentouse.html}},
  note         = {Accessed 2025-08-28}
}

@misc{DjangoMigrations,
  author       = {{Django Software Foundation}},
  title        = {Migrations --- Schema and data migrations},
  year         = {2025},
  howpublished = {\url{https://docs.djangoproject.com/en/stable/topics/migrations/}},
  note         = {Accessed 2025-08-28}
}

@misc{PostgresAbout,
  author       = {{The PostgreSQL Global Development Group}},
  title        = {About PostgreSQL},
  year         = {2025},
  howpublished = {\url{https://www.postgresql.org/about/}},
  note         = {Accessed 2025-08-28}
}

@misc{PostgresJSON,
  author       = {{The PostgreSQL Global Development Group}},
  title        = {JSON Types and Functions},
  year         = {2025},
  howpublished = {\url{https://www.postgresql.org/docs/current/functions-json.html}},
  note         = {Accessed 2025-08-28}
}

@misc{PostgresFTS,
  author       = {{The PostgreSQL Global Development Group}},
  title        = {Full Text Search},
  year         = {2025},
  howpublished = {\url{https://www.postgresql.org/docs/current/textsearch-intro.html}},
  note         = {Accessed 2025-08-28}
}

@misc{DjangoPostgresFields,
  author       = {{Django Software Foundation}},
  title        = {PostgreSQL specific model fields},
  year         = {2025},
  howpublished = {\url{https://docs.djangoproject.com/en/stable/ref/contrib/postgres/fields/}},
  note         = {Accessed 2025-08-28}
}

@misc{DjangoORMQueries,
  author       = {{Django Software Foundation}},
  title        = {Making queries --- Django ORM},
  year         = {2025},
  howpublished = {\url{https://docs.djangoproject.com/en/stable/topics/db/queries/}},
  note         = {Accessed 2025-08-28}
}

@misc{DjangoSecurity,
  author       = {{Django Software Foundation}},
  title        = {Security in Django},
  year         = {2025},
  howpublished = {\url{https://docs.djangoproject.com/en/stable/topics/security/}},
  note         = {Accessed 2025-08-28}
}

@misc{DjangoAdmin,
  author       = {{Django Software Foundation}},
  title        = {The Django admin site},
  year         = {2025},
  howpublished = {\url{https://docs.djangoproject.com/en/stable/ref/contrib/admin/}},
  note         = {Accessed 2025-08-28}
}

@misc{DjangoRawSQL,
  author       = {{Django Software Foundation}},
  title        = {Performing raw SQL queries},
  year         = {2025},
  howpublished = {\url{https://docs.djangoproject.com/en/stable/topics/db/sql/}},
  note         = {Accessed 2025-08-28}
}

@misc{FreeIPA_Overview,
  author       = {{FreeIPA Project}},
  title        = {FreeIPA — Identity Management for Linux},
  year         = {2025},
  howpublished = {\url{https://www.freeipa.org/}},
  note         = {Accessed 2025-08-28}
}

@misc{FreeIPA_Docs,
  author       = {{FreeIPA Project}},
  title        = {FreeIPA Documentation},
  year         = {2025},
  howpublished = {\url{https://freeipa.readthedocs.io/en/latest/}},
  note         = {Accessed 2025-08-28}
}

@misc{Authentik_Home,
  author       = {{goauthentik}},
  title        = {authentik — The flexible identity provider},
  year         = {2025},
  howpublished = {\url{https://goauthentik.io/}},
  note         = {Accessed 2025-08-28}
}

@misc{Authentik_Docs_OIDC,
  author       = {{goauthentik}},
  title        = {OAuth2 / OpenID Connect Provider},
  year         = {2025},
  howpublished = {\url{https://goauthentik.io/docs/providers/oauth2/}},
  note         = {Accessed 2025-08-28}
}

@misc{Authentik_Docs_LDAP,
  author       = {{goauthentik}},
  title        = {LDAP Sources (Directory Sync)},
  year         = {2025},
  howpublished = {\url{https://goauthentik.io/docs/core/sources/ldap/}},
  note         = {Accessed 2025-08-28}
}

@misc{Authentik_Docs_Claims,
  author       = {{goauthentik}},
  title        = {Scopes, Claims, and Property Mappings},
  year         = {2025},
  howpublished = {\url{https://goauthentik.io/docs/core/property-mappings/}},
  note         = {Accessed 2025-08-28}
}






@misc{VirtualOrfeoRepo,
  author       = {{Area Science Park}},
  title        = {virtualorfeo --- testbed provisioning (Vagrant, libvirt, Ansible)},
  year         = {2025},
  howpublished = {\url{https://gitlab.com/area7/datacenter/codes/virtualorfeo}},
  note         = {Accessed 2025-08-29}
}

@misc{OrfeoKubeOverlayRepo,
  author       = {{Area Science Park}},
  title        = {orfeokubeoverlay --- cluster add-ons (cert-manager, Authentik, RGW/MinIO ingress)},
  year         = {2025},
  howpublished = {\url{https://gitlab.com/area7/datacenter/codes/orfeokubeoverlay}},
  note         = {Accessed 2025-08-29}
}

@misc{k3sDocs,
  author       = {{Rancher Government / SUSE}},
  title        = {k3s --- Lightweight Kubernetes},
  year         = {2025},
  howpublished = {\url{https://docs.k3s.io/}},
  note         = {Accessed 2025-08-29}
}

@misc{KubernetesIngress,
  author       = {{The Kubernetes Authors}},
  title        = {Ingress --- Kubernetes Documentation},
  year         = {2025},
  howpublished = {\url{https://kubernetes.io/docs/concepts/services-networking/ingress/}},
  note         = {Accessed 2025-08-29}
}

@misc{HelmDocs,
  author       = {{The Helm Project}},
  title        = {Helm Documentation},
  year         = {2025},
  howpublished = {\url{https://helm.sh/docs/}},
  note         = {Accessed 2025-08-29}
}

@misc{CertManagerDocs,
  author       = {{cert-manager Project}},
  title        = {cert-manager Documentation},
  year         = {2025},
  howpublished = {\url{https://cert-manager.io/docs/}},
  note         = {Accessed 2025-08-29}
}

@misc{MetalLBDocs,
  author       = {{MetalLB Project}},
  title        = {MetalLB Documentation},
  year         = {2025},
  howpublished = {\url{https://metallb.universe.tf/}},
  note         = {Accessed 2025-08-29}
}

@misc{CoreDNSDocs,
  author       = {{CoreDNS Authors}},
  title        = {CoreDNS Documentation},
  year         = {2025},
  howpublished = {\url{https://coredns.io/}},
  note         = {Accessed 2025-08-29}
}

@misc{FreeIPADocs,
  author       = {{FreeIPA Project}},
  title        = {FreeIPA Documentation},
  year         = {2025},
  howpublished = {\url{https://www.freeipa.org/page/Documentation}},
  note         = {Accessed 2025-08-29}
}

@misc{AuthentikDocs,
  author       = {{goauthentik}},
  title        = {Authentik Documentation},
  year         = {2025},
  howpublished = {\url{https://docs.goauthentik.io/}},
  note         = {Accessed 2025-08-29}
}

@misc{OIDCCore,
  author       = {{OpenID Foundation}},
  title        = {OpenID Connect Core 1.0},
  year         = {2014},
  howpublished = {\url{https://openid.net/specs/openid-connect-core-1_0.html}},
  note         = {Accessed 2025-08-29}
}

@misc{MinIODocs,
  author       = {{MinIO, Inc.}},
  title        = {MinIO Documentation},
  year         = {2025},
  howpublished = {\url{https://min.io/docs/minio/}},
  note         = {Accessed 2025-08-29}
}

@misc{VagrantDocs,
  author       = {{HashiCorp}},
  title        = {Vagrant Documentation},
  year         = {2025},
  howpublished = {\url{https://developer.hashicorp.com/vagrant/docs}},
  note         = {Accessed 2025-08-29}
}

@misc{AnsibleDocs,
  author       = {{Ansible Community}},
  title        = {Ansible Documentation},
  year         = {2025},
  howpublished = {\url{https://docs.ansible.com/}},
  note         = {Accessed 2025-08-29}
}

@inproceedings{Ohmura2023TwdsDT,
  author    = {Kammeyer, Alexander and Burger, Florian and L{\"u}bbert, Daniel and Wolter, Katinka},
  title     = {Towards an {HPC} cluster digital twin and scheduling framework for improved energy efficiency},
  booktitle = {Proceedings of the 18th Conference on Computer Science and Intelligence Systems (FedCSIS)},
  year      = {2023},
  pages     = {265--268},
  series    = {Annals of Computer Science and Information Systems},
  volume    = {35},
  doi       = {10.15439/2023F3797},
  url       = {https://annals-csis.org/proceedings/2023/drp/pdf/3797.pdf},
  note      = {Design specification of a digital twin for the PTB HPC cluster}
}

@online{Rancher2021K3s,
  author       = {{Rancher Labs} and {CNCF}},
  title        = {K3s --- Lightweight Kubernetes},
  year         = {2025},
  url          = {https://docs.k3s.io/},
  urldate      = {2025-08-29},
  note         = {Project documentation; certified Kubernetes distribution packaged as a single binary}
}

@techreport{OpenIDConnectCore,
  author      = {Sakimura, Nat and Bradley, John and Jones, Mike and de Medeiros, Breno and Mortimore, Chuck},
  title       = {OpenID Connect Core 1.0},
  institution = {OpenID Foundation},
  year        = {2014},
  url         = {https://openid.net/specs/openid-connect-core-1_0.html},
  urldate     = {2025-08-29},
  note        = {Final specification (incorporating errata set 2)}
}

@inproceedings{Weil2006Ceph,
  author    = {Weil, Sage A. and Brandt, Scott A. and Miller, Ethan L. and Long, Darrell D. E. and Maltzahn, Carlos},
  title     = {Ceph: A Scalable, High-Performance Distributed File System},
  booktitle = {OSDI'06: 7th USENIX Symposium on Operating Systems Design and Implementation},
  year      = {2006},
  publisher = {USENIX Association},
  address   = {Seattle, WA, USA},
  url       = {https://ceph.io/assets/pdfs/weil-ceph-osdi06.pdf},
  note      = {Foundational paper describing the Ceph architecture}
}

@article{Koennecke2015NeXusFormat,
  author  = {K{\"o}nnecke, Mark and Akeroyd, Frederick A. and Bernstein, Herbert J. and Brewster, Aaron S. and Campbell, Stuart I. and Clausen, Bj{\"o}rn and Cottrell, Stephen and Hoffmann, Jens Uwe and Jemian, Pete R. and M{\"a}nnicke, David and Osborn, Raymond and Peterson, Peter F. and Richter, Tobias and Suzuki, Jiro and Watts, Benjamin and Wintersberger, Eugen and Wuttke, Joachim},
  title   = {The NeXus data format},
  journal = {Journal of Applied Crystallography},
  year    = {2015},
  volume  = {48},
  number  = {1},
  pages   = {301--305},
  doi     = {10.1107/S1600576714027575},
  url     = {https://journals.iucr.org/j/issues/2015/01/00/po5029/po5029.pdf},
  note    = {NeXus built on HDF5; format for neutron, X-ray and muon experiments}
}

@misc{nffamaster2024,
  author       = {{NFFA-DI}},
  title        = {New Master in Data Management and Curation Kicks Off},
  year         = {2024},
  month        = mar,
  note         = {Accessed: 2025-03-31},
  url          = {https://nffa-di.it/en/news/new-master-in-data-management-and-curation-kicks-off/}
}

@misc{ofedslides,
  author       = {Bazzocchi, Federica},
  title        = {Data Management in  NFFA-DI : OFED (Overarching
                   Fair Ecosystem for Data)
                  },
  month        = sep,
  year         = 2024,
  publisher    = {Zenodo},
  version      = {v.1.0.0},
  doi          = {10.5281/zenodo.13773924},
  url          = {https://doi.org/10.5281/zenodo.13773924},
}

@online{fairmatPortal,
  author    = {{FAIRmat Consortium}},
  title     = {FAIRmat – FAIR Data Infrastructure for Condensed-Matter Physics and the Chemical Physics of Solids},
  year      = {2024},
  url       = {https://www.fairmat-nfdi.eu/fairmat/},
  urldate   = {2025-03-31}
}

@misc{fairmathdf5,
  author    = {{The HDF Group}},
  title     = {FAIRmat and HDF5: Experiments – Calculations – Integrate the Experimental World},
  year      = {2021},
  month     = jul,
  url       = {https://www.hdfgroup.org/wp-content/uploads/2021/07/20210707_FAIRmat_hdf5.pdf},
  urldate   = {2025-03-31},
  note      = {Presentation slides}
}

@article{EMoverview,
title = {Latest advances in imaging techniques for characterizing soft, multiphasic food materials},
journal = {Advances in Colloid and Interface Science},
volume = {279},
pages = {102154},
year = {2020},
issn = {0001-8686},
doi = {https://doi.org/10.1016/j.cis.2020.102154},
url = {https://www.sciencedirect.com/science/article/pii/S0001868619304567},
author = {Lorenzo Metilli and Mathew Francis and Megan Povey and Aris Lazidis and Stephanie Marty-Terrade and Joydeep Ray and Elena Simone},
keywords = {Food, Soft matter, Characterization, Microscopy, Imaging},
}

@misc{bazzocchiNexusEM,
  author    = {Bazzocchi, Federica},
  title     = {NeXus and Electron Microscopy},
  year      = {2024},
  howpublished = {Presentation, NFFA-DI},
  url       = {https://nffa-di.it/media/n2nn0qo1/8_nexus-and-electron-microscopy_bazzocchi.pdf},
  urldate   = {2025-03-31}
}

@misc{nxcanSASguide,
  author    = {{NXcanSAS Working Group}},
  title     = {Introduction to the NeXus Data Format},
  year      = {2012},
  url       = {https://www.cansas.org/NXcanSAS/_downloads/nexus.pdf},
  urldate   = {2025-03-31}
}

@manual{nexusEMStructure,
  author    = {{NeXus International Advisory Committee}},
  title     = {Electron Microscopy Structure},
  year      = {2024},
  url       = {https://manual.nexusformat.org/classes/contributed_definitions/em-structure.html},
  urldate   = {2025-03-31},
  note      = {Accessed: 31 March 2025}
}

@misc{pynxtools_nexus_validation,
  author       = {{FAIRmat-NFDI Development Team}},
  title        = {pynxtools: Nexus Validation},
  howpublished = {\url{https://fairmat-nfdi.github.io/pynxtools/learn/nexus-validation.html}},
  year         = {2025},
  note         = {Accessed: 2025-06-20}
}

@online{nxvalidate,
  author    = {{FAIRmat-NFDI}},
  title     = {Validate a Nexus File with nxvalidate},
  year      = {2025},
  url       = {https://fairmat-nfdi.github.io/pynxtools/how-tos/validate-nexus-file.html},
  urldate   = {2025-04-26}
}

@online{nexusManual,
  author    = {{NeXus International Advisory Committee}},
  title     = {NeXus File Format Specification Manual},
  year      = {2024},
  url       = {https://manual.nexusformat.org/fileformat.html},
  urldate   = {2025-03-31}
}

@misc{Wiggins2011TwelveFactor,
  author       = {Wiggins, Adam},
  title        = {The Twelve-Factor App},
  year         = {2011},
  url          = {https://12factor.net},
  note         = {Principle III: Store config in the environment. Accessed: 2025-09-01}
}

@online{freecodecamp_mvt,
  author    = {Collins, Jo},
  title     = {How Django MVT architecture works},
  year      = {2021},
  url       = {https://www.freecodecamp.org/news/how-django-mvt-architecture-works/},
  urldate   = {2025-09-06},
  note      = {Accessed: 2025-09-06}
}
